####################################################################
## Misc


####################################################################
## DNA nano tech

@article{seeman1983design,
  title={Design of immobile nucleic acid junctions.},
  author={Seeman, Nadrian C and Kallenbach, Neville R},
  journal={Biophysical journal},
  volume={44},
  number={2},
  pages={201},
  year={1983},
  publisher={The Biophysical Society}
}

@article{rothemund2006folding,
  title={Folding DNA to create nanoscale shapes and patterns},
  author={Rothemund, Paul WK},
  journal={Nature},
  volume={440},
  number={7082},
  pages={297},
  year={2006},
  publisher={Nature Publishing Group}
}

@article{seeman2007overview,
  title={An overview of structural DNA nanotechnology},
  author={Seeman, Nadrian C},
  journal={Molecular biotechnology},
  volume={37},
  number={3},
  pages={246},
  year={2007},
  publisher={Springer}
}

@article{seeman2003dna,
  title={DNA in a material world},
  author={Seeman, Nadrian C},
  journal={Nature},
  volume={421},
  number={6921},
  pages={427},
  year={2003},
  publisher={Nature Publishing Group}
}

@article{zhang2014structural,
  title={Structural DNA nanotechnology: state of the art and future perspective},
  author={Zhang, Fei and Nangreave, Jeanette and Liu, Yan and Yan, Hao},
  journal={Journal of the American Chemical Society},
  volume={136},
  number={32},
  pages={11198--11211},
  year={2014},
  publisher={ACS Publications}
}

@article{simmel2014wireframe,
  title={Wireframe and tensegrity DNA nanostructures},
  author={Simmel, Stephanie S and Nickels, Philipp C and Liedl, Tim},
  journal={Accounts of chemical research},
  volume={47},
  number={6},
  pages={1691--1699},
  year={2014},
  publisher={ACS Publications}
}

@article{winfree1996computational,
  title={On the computational power of DNA annealing and ligation},
  author={Winfree, Erik},
  year={1996},
  publisher={American Mathematical Society}
}


@article{watson1953molecular,
  title={Molecular structure of nucleic acids},
  author={Watson, James D and Crick, Francis HC and others},
  journal={Nature},
  volume={171},
  number={4356},
  pages={737--738},
  year={1953}
}

####################################################################
## General Visulalization Techniques

@article{elmqvist2008taxonomy,
  title={A taxonomy of 3d occlusion management for visualization},
  author={Elmqvist, Niklas and Tsigas, Philippas},
  journal={IEEE Transactions on Visualization and Computer Graphics},
  volume={14},
  number={5},
  pages={1095--1109},
  year={2008},
  publisher={IEEE}
}

@article{elmqvist2007occlusion,
  title={Occlusion Management in Immersive and Desktop 3D Virtual Environments: Theory and Evaluation.},
  author={Elmqvist, Niklas and Tudoreanu, Mihail Eduard},
  journal={IJVR},
  volume={6},
  number={2},
  pages={21--32},
  year={2007},
  publisher={Citeseer}
}

@inproceedings{burns2008adaptive,
 author = {Burns, Michael and Finkelstein, Adam},
 title = {Adaptive Cutaways for Comprehensible Rendering of Polygonal Scenes},
 booktitle = {ACM SIGGRAPH Asia 2008 Papers},
 series = {SIGGRAPH Asia '08},
 year = {2008},
 isbn = {978-1-4503-1831-0},
 location = {Singapore},
 pages = {154:1--154:7},
 articleno = {154},
 numpages = {7},
 url = {http://doi.acm.org/10.1145/1457515.1409107},
 doi = {10.1145/1457515.1409107},
 acmid = {1409107},
 publisher = {ACM},
 address = {New York, NY, USA},
 keywords = {NPR, cutaway diagram, distance transform, visibility},
} 

@inproceedings{elmqvist2007employing,
  title={Employing dynamic transparency for 3D occlusion management: Design issues and evaluation},
  author={Elmqvist, Niklas and Assarsson, Ulf and Tsigas, Philippas},
  booktitle={IFIP Conference on Human-Computer Interaction},
  pages={532--545},
  year={2007},
  organization={Springer}
}

@inproceedings{bares1998intelligent,
  title={Intelligent multi-shot visualization interfaces for dynamic 3D worlds},
  author={Bares, William H and Lester, James C},
  booktitle={Proceedings of the 4th international conference on Intelligent user interfaces},
  pages={119--126},
  year={1998},
  organization={ACM}
}

@inproceedings{mcguffin2003using,
  title={Using deformations for browsing volumetric data},
  author={McGuffin, Michael J and Tancau, Liviu and Balakrishnan, Ravin},
  booktitle={Visualization, 2003. VIS 2003. IEEE},
  pages={401--408},
  year={2003},
  organization={IEEE}
}

@inproceedings{bane2004interactive,
  title={Interactive tools for virtual x-ray vision in mobile augmented reality},
  author={Bane, Ryan and Hollerer, Tobias},
  booktitle={Proceedings of the 3rd IEEE/ACM International Symposium on Mixed and Augmented Reality},
  pages={231--239},
  year={2004},
  organization={IEEE Computer Society}
}

@incollection{jolliffe2011principal,
  title={Principal component analysis},
  author={Jolliffe, Ian},
  booktitle={International encyclopedia of statistical science},
  pages={1094--1096},
  year={2011},
  publisher={Springer}
}

####################################################################
## Exploded Views

@inproceedings{niederauer2003non,
  title={Non-invasive interactive visualization of dynamic architectural environments},
  author={Niederauer, Christopher and Houston, Mike and Agrawala, Maneesh and Humphreys, Greg},
  booktitle={Proceedings of the 2003 symposium on Interactive 3D graphics},
  pages={55--58},
  year={2003},
  organization={ACM}
}

@inproceedings{li2008automated,
  title={Automated generation of interactive 3D exploded view diagrams},
  author={Li, Wilmot and Agrawala, Maneesh and Curless, Brian and Salesin, David},
  booktitle={ACM Transactions on Graphics (TOG)},
  volume={27},
  number={3},
  pages={101},
  year={2008},
  organization={ACM}
}

@inproceedings{agrawala2003designing,
  title={Designing effective step-by-step assembly instructions},
  author={Agrawala, Maneesh and Phan, Doantam and Heiser, Julie and Haymaker, John and Klingner, Jeff and Hanrahan, Pat and Tversky, Barbara},
  booktitle={ACM Transactions on Graphics (TOG)},
  volume={22},
  number={3},
  pages={828--837},
  year={2003},
  organization={ACM}
}

@inproceedings{kalkofen2009explosion,
  title={Explosion diagrams in augmented reality},
  author={Kalkofen, Denis and Tatzgern, Markus and Schmalstieg, Dieter},
  booktitle={Virtual Reality Conference, 2009. VR 2009. IEEE},
  pages={71--78},
  year={2009},
  organization={IEEE}
}

@inproceedings{tatzgern2010compact,
  title={Compact explosion diagrams},
  author={Tatzgern, Markus and Kalkofen, Denis and Schmalstieg, Dieter},
  booktitle={Proceedings of the 8th International Symposium on Non-Photorealistic Animation and Rendering},
  pages={17--26},
  year={2010},
  organization={ACM}
}

@inproceedings{altarawneh2014poster,
  title={Poster: 3DintEx-A tool to explore interactively the structural and behavioral aspects of system models in 3D environments},
  author={AlTarawneh, Ragaad and Griesser, Andreas and Bauer, Jens and Humayoun, Shah Rukh and Ebert, Achim},
  booktitle={3D User Interfaces (3DUI), 2014 IEEE Symposium on},
  pages={141--142},
  year={2014},
  organization={IEEE}
}

@inproceedings{martins2015exploded,
  title={Exploded View Diagrams of 3D Grids},
  author={Martins Filho, Zamir and Brazil, Emilio Vital and Sousa, Mario Costa},
  booktitle={Graphics, Patterns and Images (SIBGRAPI), 2015 28th SIBGRAPI Conference on},
  pages={242--249},
  year={2015},
  organization={IEEE}
}

@inproceedings{li2004interactive,
  title={Interactive image-based exploded view diagrams},
  author={Li, Wilmot and Agrawala, Maneesh and Salesin, David},
  booktitle={Proceedings of Graphics Interface 2004},
  pages={203--212},
  year={2004},
  organization={Canadian Human-Computer Communications Society}
}

@article{bruckner2006exploded,
  title={Exploded views for volume data},
  author={Bruckner, Stefan and Gr√∂ller, M Eduard},
  journal={IEEE Transactions on Visualization and Computer Graphics},
  volume={12},
  number={5},
  pages={1077--1084},
  year={2006},
  publisher={IEEE}
}

@inproceedings{sonnet2004integrating,
  title={Integrating expanding annotations with a 3D explosion probe},
  author={Sonnet, Henry and Carpendale, Sheelagh and Strothotte, Thomas},
  booktitle={Proceedings of the working conference on Advanced visual interfaces},
  pages={63--70},
  year={2004},
  organization={ACM}
}

@inproceedings{elmqvist2005balloonprobe,
  title={BalloonProbe: Reducing occlusion in 3D using interactive space distortion},
  author={Elmqvist, Niklas},
  booktitle={Proceedings of the ACM symposium on Virtual reality software and technology},
  pages={134--137},
  year={2005},
  organization={ACM}
}

@inproceedings{mohammad1993automatic,
  title={Automatic generation of exploded view by graph transformation},
  author={Mohammad, Riaz and Kroll, Ehud},
  booktitle={Artificial Intelligence for Applications, 1993. Proceedings., Ninth Conference on},
  pages={368--374},
  year={1993},
  organization={IEEE}
}

@inproceedings{driskill1995interactive,
  title={Interactive design, analysis, and illustration of assemblies},
  author={Driskill, Elena and Cohen, Elaine},
  booktitle={Proceedings of the 1995 symposium on Interactive 3D graphics},
  pages={27--34},
  year={1995},
  organization={ACM}
}

@article{kroll1989rule,
  title={Rule-based generation of exploded-views and assembly sequences},
  author={Kroll, Ehud and Lenz, Ehud and Wolberg, John R},
  journal={AI EDAM},
  volume={3},
  number={3},
  pages={143--155},
  year={1989},
  publisher={Cambridge University Press}
}

@article{de1987simplified,
  title={Simplified generation of all mechanical assembly sequences},
  author={De Fazio, Thomas and Whitney, Daniel},
  journal={IEEE Journal on Robotics and Automation},
  volume={3},
  number={6},
  pages={640--658},
  year={1987},
  publisher={IEEE}
}